@book {BayesStatistik,
author = { Wickmann, Dieter },
title = { Bayes-Statistik Einsicht gewinnen und entscheiden bei Unsicherheit },
publisher = {BI-Wiss.-Verl.},
isbn = {3411146710},
keywords = { Bayesian statistical decision theory , Bayesian statistical inference , Bayes-Entscheidungstheorie , Hochschulschrift },
year = {1990},
abstract = {Literaturverz. S. 216 - 226},
booktitle = {Mathematische Texte ; 4},
address = { Mannheim },
url = { https://katalog.slub-dresden.de/id/0-276492471 }
}

@book {EinfBayesStatistik,
author = { Koch, Karl-Rudolf },
title = { Einführung in die Bayes-Statistik },
publisher = {Springer},
isbn = {9783540666707},
isbn = {3540666702},
keywords = { Bayesian statistical decision theory , Einführung , Bayes-Entscheidungstheorie , Parameterschätzung , Multivariate Wahrscheinlichkeitsverteilung , Kalman-Filter },
year = {2000},
abstract = {Literaturverz. S. [215] - 220},
abstract = {Hier auch später erschienene, unveränderte Nachdrucke},
address = { Berlin [u.a.] },
url = { https://katalog.slub-dresden.de/id/0-306244284 }
}

@book {MonteCarloAlgorithmen,
author = { Müller-Gronbach, Thomas AND Novak, Erich AND Ritter, Klaus },
title = { Monte Carlo-Algorithmen },
publisher = {Springer},
isbn = {9783540891406},
keywords = { |a|Monte Carlo simulation , Monte-Carlo-Simulation , Stochastik },
year = {2012},
abstract = {Literaturverz. S. 311 - 318},
booktitle = {Springer-Lehrbuch},
address = { Berlin },
url = { https://katalog.slub-dresden.de/id/0-618339728 }
}

@book {StatistikKlassischOderBayes,
author = { Tschirk, Wolfgang },
title = { Statistik: Klassisch oder Bayes zwei Wege im Vergleich },
publisher = {Springer Spektrum},
publisher = {},
isbn = {9783642543845},
isbn = {3642543847},
keywords = { Bayesian statistical decision theory , Mathematical statistics , Lehrbuch , Inferenzstatistik },
year = {2014},
year = {, © 2014},
abstract = {Literaturverzeichnis: Seite 159-160},
booktitle = {Springer-Lehrbuch},
address = { Berlin , },
url = { https://katalog.slub-dresden.de/id/0-160866449X }
}

@misc {EinfBayesStatistikOptimalerStichprobenumfang,
author = { Marinell, Gerhard Steckel-Berger, Gabriele },
title = { Einführung in die Bayes-Statistik Optimaler Stichprobenumfang },
edition = { 3., überarbeitete Auflage. Reprint 2016 } ,
publisher = {Oldenbourg Wissenschaftsverlag},
publisher = {},
isbn = {9783486805925},
keywords = { Bayes-Verfahren. , Optimaler Stichprobenumfang. , BUSINESS & ECONOMICS / Economics / General , Optimaler Stichprobenumfang , Bayes-Verfahren },
year = {[2016]},
year = {, ©2000},
abstract = {Frontmatter -- -- Inhalt -- -- Vorwort -- -- Teil Α: Anwendungen -- -- I. Grundmodell -- -- II. Anteilswert π -- -- III. Mittelwert μ -- -- IV. Differenz δ -- -- V. Regressionskoeffizient β -- -- Teil Β: Theorie -- -- I. Verteilungstheorie -- -- II. Schadenerwartungswerte -- -- III. Erwarteter Wert der Stichprobeninformation -- -- IV. Numerische Approximationen für Verteilungen -- -- Literaturverzeichnis -- -- Stichwortverzeichnis},
address = { Berlin ;Boston , },
url = { https://katalog.slub-dresden.de/id/0-871513366 }
}

@book{HandbookMonteCarloMethods,
  author    = {Kroese, Dirk P. and Taimre, Thomas and Botev, Zdravko I.},
  title     = {Handbook of Monte Carlo Methods},
  publisher = {Wiley},
  year      = {2011},
  series    = {Wiley Series in Probability and Statistics},
  isbn      = {9780470177938},
  keywords  = {Monte Carlo simulation, Stochastic methods, Numerical analysis},
  address   = {Hoboken, NJ},
  url       = {https://www.wiley.com/en-us/Handbook+of+Monte+Carlo+Methods-p-9780470177938},
  abstract  = {A comprehensive resource on Monte Carlo methods covering theory, methodology, and practical applications.}
}

@misc{FIFAWorldCupData,
  author    = {Piter FM},
  title     = {FIFA Football World Cup Dataset},
  year      = {2023},
  url       = {https://www.kaggle.com/datasets/piterfm/fifa-football-world-cup},
  note      = {Zugriff am: 14. Dezember 2024}
}